@book{Zhang,
    title = {Topological insulators in Bi2Se3, Bi2Te3 and Sb2Te3 with a single Dirac cone on the surface. Nature Physics},
    author = {Zhang,N.},
    year=2009,
}
@book{Asb치th,
   title =     {A Short Course on
Topological Insulators},
   author =    {J. K. Asb치th, L. Oroszl치ny, A. P치lyi},
   publisher = {Springer},
   year =      {2015},
   edition =   {2},

}

@online{Batra,
    title = {Understanding Basic Concepts of Topological Insulators Through
Su-Schrieffer-Heeger (SSH) Model},
    author = {Batra, N. and Sheet, G.},
    year=2019,
}
